<?xml version="1.0" encoding="UTF-8"?><record xmlns="http://www.loc.gov/MARC21/slim" xmlns:cinclude="http://apache.org/cocoon/include/1.0" xmlns:zs="http://www.loc.gov/zing/srw/">
  <leader>00528cz  a2200145n  4500</leader>
  <controlfield tag="001">n  97075361 </controlfield>
  <controlfield tag="003">DLC</controlfield>
  <controlfield tag="005">20040214071310.0</controlfield>
  <controlfield tag="008">970725n| acannaabn          |n aaa      </controlfield>
  <datafield tag="010" ind1=" " ind2=" ">
    <subfield code="a">n  97075361 </subfield>
  </datafield>
  <datafield tag="035" ind1=" " ind2=" ">
    <subfield code="a">(OCoLC)oca04394233</subfield>
  </datafield>
  <datafield tag="040" ind1=" " ind2=" ">
    <subfield code="a">DLC</subfield>
    <subfield code="c">DLC</subfield>
    <subfield code="d">DLC</subfield>
    <subfield code="d">NmU</subfield>
  </datafield>
  <datafield tag="100" ind1="1" ind2=" ">
    <subfield code="a">Clark, Matthew,</subfield>
    <subfield code="d">1948-</subfield>
  </datafield>
  <datafield tag="670" ind1=" " ind2=" ">
    <subfield code="a">Out of line, 1997:</subfield>
    <subfield code="b">CIP t.p. (Matthew Clark) data sheet (b. Mar. 6, 1948)</subfield>
  </datafield>
  <datafield tag="670" ind1=" " ind2=" ">
    <subfield code="a">A matter of style, 2002:</subfield>
    <subfield code="b">p. 4 of cover (Prof. in the Division of Humanities, York Univ., Toronto; specialist in classical literature)</subfield>
  </datafield>
</record>